@misc{goldoa,
  title        = {{ISSN-matching of Gold OA journals (ISSN-GOLD-OA) 5.0}},
  author       = {Bruns, Andre and Cakir, Yusuf and Kaya, Sibel and Beidaghi, Samaneh},
  year         = 2022,
  publisher    = {Bielefeld University},
  doi          = {10.4119/unibi/2961544},
  url          = {https://pub.uni-bielefeld.de/record/2961544}
}
@misc{jahn2023,
  title        = {Analysing and reclassifying open access information in OpenAlex},
  author       = {Jahn, Najko and Haupka, Nick and Hobert, Anne},
  year         = 2023,
  url          = {https://subugoe.github.io/scholcomm_analytics/posts/oalex_oa_status/}
}
@article{Goodin_2023,
  title        = {Interview with {Robert ‘Bob’ E. Goodin}},
  author       = {Katharina Berndt Rasmussen},
  year         = 2023,
  journal      = {Tidskrift för politisk filosofi},
  url          = {https://www.politiskfilosofi.se/fulltext/2023-2/pdf/TPF_2023-2_interview_with_robert_bob_e_goodin.pdf},
  issue        = 2
}
@article{Zhang_2024,
  title        = {Missing institutions in OpenAlex: possible reasons, implications, and solutions},
  author       = {Zhang, Lin and Cao, Zhe and Shang, Yuanyuan and Sivertsen, Gunnar and Huang, Ying},
  year         = 2024,
  month        = feb,
  journal      = {Scientometrics},
  publisher    = {Springer Science and Business Media LLC},
  doi          = {10.1007/s11192-023-04923-y},
  issn         = {1588-2861},
  volume       = 129,
  pages        = {5869–5891},
  number       = {10},
  url          = {http://dx.doi.org/10.1007/s11192-023-04923-y}
}
@article{Larivi_re_2016,
  title        = {Contributorship and division of labor in knowledge production},
  author       = {Larivière, Vincent and Desrochers, Nadine and Macaluso, Benoît and Mongeon, Philippe and Paul-Hus, Adèle and Sugimoto, Cassidy R},
  year         = 2016,
  month        = jun,
  journal      = {Social Studies of Science},
  volume       = 46,
  number       = 3,
  pages        = {417–435},
  doi          = {10.1177/0306312716650046},
  issn         = {1460-3659}
}
@article{Jahn_2021,
  title        = {Toward transparency of hybrid open access through publisher-provided metadata: An article-level study of {Elsevier}},
  author       = {Jahn, Najko and Matthias, Lisa and Laakso, Mikael},
  year         = 2022,
  month        = jul,
  journal      = {Journal of the Association for Information Science and Technology},
  publisher    = {Wiley},
  volume       = 73,
  number       = 1,
  pages        = {104--118},
  doi          = {10.1002/asi.24549},
  issn         = {2330-1643},
  url          = {http://dx.doi.org/10.1002/asi.24549}
}
@book{Kramer_2024,
  title        = {Study on scientific publishing in {Europe} -- {Development}, diversity, and transparency of costs},
  author       = {Kramer, Bianca},
  year         = 2024,
  publisher    = {Publications Office of the European Union},
  doi          = {doi/10.2777/89349}
}
@misc{Jisc_2024,
  title        = {A review of  transitional  agreements  in the {UK}},
  author       = {Brayman, Kira and Devenney, Amy and Dobson, Helen and Marques, Mafalda and Vernon, Anna},
  year         = 2024,
  month        = mar,
  publisher    = {Zenodo},
  doi          = {10.5281/zenodo.10787392},
  url          = {https://doi.org/10.5281/zenodo.10787392}
}
@article{Taubert_2023,
  title        = {Understanding differences of the OA uptake within the {German} university landscape (2010–2020): part 1—journal-based OA},
  author       = {Taubert, Niels and Hobert, Anne and Jahn, Najko and Bruns, Andre and Iravani, Elham},
  year         = 2023,
  month        = may,
  journal      = {Scientometrics},
  publisher    = {Springer Science and Business Media LLC},
  volume       = 128,
  number       = 6,
  pages        = {3601–3625},
  doi          = {10.1007/s11192-023-04716-3},
  issn         = {1588-2861},
  url          = {http://dx.doi.org/10.1007/s11192-023-04716-3}
}
@article{Haucap_2021,
  title        = {The impact of the {German “DEAL”} on competition in the academic publishing market},
  author       = {Haucap, Justus and Moshgbar, Nima and Schmal, W. Benedikt},
  year         = 2021,
  month        = nov,
  journal      = {Managerial and Decision Economics},
  publisher    = {Wiley},
  volume       = 42,
  number       = 8,
  pages        = {2027–2049},
  doi          = {10.1002/mde.3493},
  issn         = {1099-1468},
  url          = {http://dx.doi.org/10.1002/mde.3493}
}
@article{Huang_2020,
  title        = {Evaluating the impact of open access policies on research institutions},
  author       = {Huang, Chun-Kai (Karl) and Neylon, Cameron and Hosking, Richard and Montgomery, Lucy and Wilson, Katie S and Ozaygen, Alkim and Brookes-Kenworthy, Chloe},
  year         = 2020,
  month        = sep,
  journal      = {eLife},
  publisher    = {eLife Sciences Publications, Ltd},
  volume       = 9,
  doi          = {10.7554/elife.57067},
  issn         = {2050-084X},
  url          = {http://dx.doi.org/10.7554/eLife.57067}
}
@article{P_l_nen_2020,
  title        = {Open access at the national level: A comprehensive analysis of publications by {{Finnish}} researchers},
  author       = {Pölönen, Janne and Laakso, Mikael and Guns, Raf and Kulczycki, Emanuel and Sivertsen, Gunnar},
  year         = 2020,
  month        = dec,
  journal      = {Quantitative Science Studies},
  publisher    = {MIT Press - Journals},
  volume       = 1,
  number       = 4,
  pages        = {1396–1428},
  doi          = {10.1162/qss_a_00084},
  issn         = {2641-3337},
  url          = {http://dx.doi.org/10.1162/qss_a_00084}
}
@article{Wenaas_2022,
  title        = {Choices of immediate open access and the relationship to journal ranking and publish-and-read deals},
  author       = {Wenaas, Lars},
  year         = 2022,
  month        = oct,
  journal      = {Frontiers in Research Metrics and Analytics},
  publisher    = {Frontiers Media SA},
  volume       = 7,
  doi          = {10.3389/frma.2022.943932},
  issn         = {2504-0537},
  url          = {http://dx.doi.org/10.3389/frma.2022.943932}
}
@article{Marwick_2018,
  title        = {Packaging Data Analytical Work Reproducibly Using {R} (and Friends)},
  author       = {Marwick, Ben and Boettiger, Carl and Mullen, Lincoln},
  year         = 2018,
  journal      = {The American Statistician},
  publisher    = {Informa UK Limited},
  volume       = 72,
  number       = 1,
  pages        = {80--88},
  doi          = {10.1080/00031305.2017.1375986},
  url          = {http://dx.doi.org/10.1080/00031305.2017.1375986}
}
@article{Butler_2023, title={The oligopoly’s shift to open access: How the big five academic publishers profit from article processing charges}, volume={4}, ISSN={2641-3337}, url={http://dx.doi.org/10.1162/qss_a_00272}, DOI={10.1162/qss_a_00272}, number={4}, journal={Quantitative Science Studies}, publisher={MIT Press}, author={Butler, Leigh-Ann and Matthias, Lisa and Simard, Marc-André and Mongeon, Philippe and Haustein, Stefanie}, year={2023}, pages={778–799} }

@article{Zhang_2022,
  title        = {Should open access lead to closed research? The trends towards paying to perform research},
  author       = {Zhang, Lin and Wei, Yahui and Huang, Ying and Sivertsen, Gunnar},
  year         = 2022,
  month        = may,
  journal      = {Scientometrics},
  publisher    = {Springer Science and Business Media LLC},
  volume       = 127,
  number       = 12,
  pages        = {7653–7679},
  doi          = {10.1007/s11192-022-04407-5},
  issn         = {1588-2861},
  url          = {http://dx.doi.org/10.1007/s11192-022-04407-5}
}
@article{Liverpool_2023,
  title        = {Open-access reformers launch next bold publishing plan},
  author       = {Liverpool, Layal},
  year         = 2023,
  month        = oct,
  journal      = {Nature},
  publisher    = {Springer Science and Business Media LLC},
  volume       = 623,
  number       = 7986,
  pages        = {238–240},
  doi          = {10.1038/d41586-023-03342-6},
  issn         = {1476-4687},
  url          = {http://dx.doi.org/10.1038/d41586-023-03342-6}
}
@article{Ross_Hellauer_2022,
  title        = {Dynamics of cumulative advantage and threats to equity in open science: a scoping review},
  author       = {Ross-Hellauer, Tony and Reichmann, Stefan and Cole, Nicki Lisa and Fessl, Angela and Klebel, Thomas and Pontika, Nancy},
  year         = 2022,
  month        = jan,
  journal      = {Royal Society Open Science},
  publisher    = {The Royal Society},
  volume       = 9,
  number       = 1,
  doi          = {10.1098/rsos.211032},
  issn         = {2054-5703},
  url          = {http://dx.doi.org/10.1098/rsos.211032}
}
@article{Schmal_2024,
  title        = {How transformative are transformative agreements? Evidence from {Germany} across disciplines},
  author       = {Schmal, W. Benedikt},
  year         = 2024,
  month        = feb,
  journal      = {Scientometrics},
  publisher    = {Springer Science and Business Media LLC},
  volume       = 129,
  number       = 3,
  pages        = {1863–1889},
  doi          = {10.1007/s11192-024-04955-y},
  issn         = {1588-2861},
  url          = {http://dx.doi.org/10.1007/s11192-024-04955-y}
}

@manual{bigrquery,
  title        = {{bigrquery: An interface to Google's 'BigQuery' 'API'}},
  author       = {Hadley Wickham and Jennifer Bryan},
  year         = 2023,
  url          = {https://CRAN.R-project.org/package=bigrquery},
  note         = {R package version 1.4.2}
}
@article{Hendricks_2020,
  title        = {Crossref: The sustainable source of community-owned scholarly metadata},
  author       = {Hendricks, Ginny and Tkaczyk, Dominika and Lin, Jennifer and Feeney, Patricia},
  year         = 2020,
  month        = feb,
  journal      = {Quantitative Science Studies},
  publisher    = {MIT Press - Journals},
  volume       = 1,
  number       = 1,
  pages        = {414–427},
  doi          = {10.1162/qss_a_00022},
  issn         = {2641-3337},
  url          = {http://dx.doi.org/10.1162/qss_a_00022}
}
@article{Parmhed_2023,
  title        = {Transformative agreements and their practical impact: a librarian perspective},
  author       = {Parmhed, Sara and Säll, Johanna},
  year         = 2023,
  journal      = {Insights the UKSG journal},
  publisher    = {Ubiquity Press, Ltd.},
  volume       = 36,
  doi          = {10.1629/uksg.612},
  issn         = {2048-7754},
  url          = {http://dx.doi.org/10.1629/uksg.612}
}
@article{Momeni_2023,
  title        = {Which factors are associated with Open Access publishing? A {Springer Nature} case study},
  author       = {Momeni, Fakhri and Dietze, Stefan and Mayr, Philipp and Biesenbender, Kristin and Peters, Isabella},
  year         = 2023,
  journal      = {Quantitative Science Studies},
  publisher    = {MIT Press},
  volume       = 4,
  number       = 2,
  pages        = {353–371},
  doi          = {10.1162/qss_a_00253},
  issn         = {2641-3337},
  url          = {http://dx.doi.org/10.1162/qss_a_00253}
}
@misc{priem2022openalex,
  title        = {OpenAlex: A fully-open index of scholarly works, authors, venues, institutions, and concepts},
  author       = {Jason Priem and Heather Piwowar and Richard Orr},
  year         = 2022,
  eprint       = {2205.01833},
  archiveprefix = {arXiv},
  primaryclass = {cs.DL}
}
@techreport{Dallmeier_2010,
  title        = {{Open Access Publishing - Models and Attributes}},
  author       = {Dallmeier-Tiessen, Suenje and Goerner, Bettina and Darby, Robert and Hyppoelae, Jenni and Igo-Kemenes, Peter and Kahn, Deborah and Lambert, Simon and Lengenfelder, Anja and Leonard, Chris and Mele, Salvatore and Polydoratou, Panayiota and Ross, David and Ruiz-Perez, Sergio and Schimmer, Ralf and Swaisland, Mark and van der Stelt, Wim},
  year         = 2010,
  publisher    = {The SOAP consortium},
  url          = {https://hdl.handle.net/11858/00-001M-0000-0013-838A-6},
  language     = {eng},
  date         = 2010
}
@article{Sch_nfelder_2020,
  title        = {Article processing charges: Mirroring the citation impact or legacy of the subscription-based model?},
  author       = {Schönfelder, Nina},
  year         = 2020,
  month        = feb,
  journal      = {Quantitative Science Studies},
  publisher    = {MIT Press},
  volume       = 1,
  number       = 1,
  pages        = {6–27},
  doi          = {10.1162/qss_a_00015},
  issn         = {2641-3337},
  url          = {http://dx.doi.org/10.1162/qss_a_00015}
}
@article{Shu_2023,
  title        = {The oligopoly of open access publishing},
  author       = {Shu, Fei and Larivière, Vincent},
  year         = 2023,
  month        = dec,
  journal      = {Scientometrics},
  publisher    = {Springer Science and Business Media LLC},
  volume       = 129,
  number       = 1,
  pages        = {519–536},
  doi          = {10.1007/s11192-023-04876-2},
  issn         = {1588-2861},
  url          = {http://dx.doi.org/10.1007/s11192-023-04876-2}
}

@article{Bj_rk_2017,
  title        = {Growth of hybrid open access, 2009–2016},
  author       = {Bo-Christer Björk},
  year         = 2017,
  month        = sep,
  journal      = {PeerJ},
  publisher    = {PeerJ},
  volume       = 5,
  pages        = {e3878},
  doi          = {10.7717/peerj.3878},
  issn         = {2167-8359},
  url          = {http://dx.doi.org/10.7717/peerj.3878}
}
@article{Fraser_2023,
  title        = {No deal: German researchers’ publishing and citing behaviors after Big Deal negotiations with {Elsevier}},
  author       = {Fraser, Nicholas and Hobert, Anne and Jahn, Najko and Mayr, Philipp and Peters, Isabella},
  year         = 2023,
  journal      = {Quantitative Science Studies},
  publisher    = {MIT Press},
  volume       = 4,
  number       = 2,
  pages        = {325–352},
  doi          = {10.1162/qss_a_00255},
  issn         = {2641-3337},
  url          = {http://dx.doi.org/10.1162/qss_a_00255}
}
@article{Schiltz_2018,
  title        = {Science without publication paywalls: {cOAlition S} for the realisation of full and immediate Open Access},
  author       = {Schiltz, Marc},
  year         = 2018,
  month        = sep,
  journal      = {PLOS Biology},
  publisher    = {Public Library of Science (PLoS)},
  volume       = 16,
  number       = 9,
  pages        = {e3000031},
  doi          = {10.1371/journal.pbio.3000031},
  issn         = {1545-7885},
  url          = {http://dx.doi.org/10.1371/journal.pbio.3000031}
}
@article{Mittermaier_2021,
  title        = {{Rolle des Open Access Monitor Deutschland bei der Antragstellung im DFG-Förderprogramm Open-Access-Publikationskosten}},
  author       = {Mittermaier, Bernhard},
  year         = 2021,
  journal      = {{o-bib. Das offene Bibliotheksjournal}},
  volume       = 8,
  doi          = {10.5282/O-BIB/5731},
  issue        = 4
}
@article{Schmidt_2012,
  title        = {Licensing Revisited: Open Access Clauses in Practice},
  author       = {Schmidt, Birgit and Shearer, Kathleen},
  year         = 2012,
  month        = nov,
  journal      = {LIBER Quarterly: The Journal of the Association of European Research Libraries},
  publisher    = {Ligue des Bibliotheques Europeennes de Recherche},
  volume       = 22,
  number       = 3,
  pages        = {176–189},
  doi          = {10.18352/lq.8055},
  issn         = {2213-056X},
  url          = {http://dx.doi.org/10.18352/lq.8055}
}
@article{Hottenrott_2021,
  title        = {The rise of multiple institutional affiliations in academia},
  author       = {Hottenrott, Hanna and Rose, Michael E. and Lawson, Cornelia},
  year         = 2021,
  month        = mar,
  journal      = {Journal of the Association for Information Science and Technology},
  publisher    = {Wiley},
  volume       = 72,
  number       = 8,
  pages        = {1039–1058},
  doi          = {10.1002/asi.24472},
  issn         = {2330-1643},
  url          = {http://dx.doi.org/10.1002/asi.24472}
}
@article{BJ_RK_2014,
  title        = {How research funders can finance APCs in full OA and hybrid journals},
  author       = {Björk, Bo-Christer and Solomon, David},
  year         = 2014,
  month        = apr,
  journal      = {Learned Publishing},
  publisher    = {Wiley},
  volume       = 27,
  number       = 2,
  pages        = {93–103},
  doi          = {10.1087/20140203},
  issn         = {1741-4857},
  url          = {http://dx.doi.org/10.1087/20140203}
}
@article{Bakker_2024,
  title        = {Impact of Transformative Agreements on Publication Patterns: An Analysis Based on Agreements from the ESAC Registry},
  author       = {Bakker, Caitlin and Langham-Putrow, Allison and Riegelman, Amy},
  year         = 2024,
  month        = jan,
  journal      = {International Journal of Librarianship},
  publisher    = {International Journal of Librarianship},
  volume       = 8,
  number       = 4,
  pages        = {67–96},
  doi          = {10.23974/ijol.2024.vol8.4.341},
  issn         = {2474-3542},
  url          = {http://dx.doi.org/10.23974/ijol.2024.vol8.4.341}
}
@article{Momeni_2021,
  title        = {What happens when a journal converts to open access? A bibliometric analysis},
  author       = {Momeni, Fakhri and Mayr, Philipp and Fraser, Nicholas and Peters, Isabella},
  year         = 2021,
  month        = apr,
  journal      = {Scientometrics},
  publisher    = {Springer Science and Business Media LLC},
  volume       = 126,
  number       = 12,
  pages        = {9811–9827},
  doi          = {10.1007/s11192-021-03972-5},
  issn         = {1588-2861},
  url          = {http://dx.doi.org/10.1007/s11192-021-03972-5}
}
@article{Pinhasi_2020,
  title        = {The impact of open access publishing agreements at the {University of Vienna} in light of the {Plan S} requirements: a review of current status, challenges and perspectives},
  author       = {Pinhasi, Rita and Kromp, Brigitte and Blechl, Guido and Hölbling, Lothar},
  year         = 2020,
  journal      = {Insights the UKSG journal},
  publisher    = {Ubiquity Press, Ltd.},
  volume       = 33,
  doi          = {10.1629/uksg.523},
  issn         = {2048-7754},
  url          = {http://dx.doi.org/10.1629/uksg.523}
}
@article{Pinhasi_2021,
  title        = {Austrian Transition to Open Access: a collaborative approach},
  author       = {Pinhasi, Rita and Hölbling, Lothar and Kromp, Brigitte},
  year         = 2021,
  journal      = {Insights the UKSG journal},
  publisher    = {Ubiquity Press, Ltd.},
  volume       = 34,
  doi          = {10.1629/uksg.561},
  issn         = {2048-7754},
  url          = {http://dx.doi.org/10.1629/uksg.561}
}
@article{Brainard_2023,
  title        = {‘Transformative’ journals get booted for switching to open access too slowly},
  author       = {Jeffery Brainard},
  year         = 2023,
  journal      = {Science},
  doi          = {10.1126/science.adj3282}
}
@article{Brainard_2021,
  title        = {California universities and {Elsevier} make up, ink big open-access deal},
  author       = {Brainard, Jeffrey},
  year         = 2021,
  month        = mar,
  journal      = {Science},
  publisher    = {American Association for the Advancement of Science (AAAS)},
  doi          = {10.1126/science.abi5505},
  issn         = {1095-9203},
  url          = {http://dx.doi.org/10.1126/science.abi5505}
}
@article{Schares_2022,
  title        = {Unsub Extender: A Python-based web application for visualizing Unsub data},
  author       = {Schares, Eric},
  year         = 2022,
  journal      = {Quantitative Science Studies},
  publisher    = {MIT Press},
  volume       = 3,
  number       = 3,
  pages        = {600–623},
  doi          = {10.1162/qss_a_00200},
  issn         = {2641-3337},
  url          = {http://dx.doi.org/10.1162/qss_a_00200}
}
@article{Aviv_Reuven_2021,
  title        = {Publication patterns’ changes due to the COVID-19 pandemic: a longitudinal and short-term scientometric analysis},
  author       = {Aviv-Reuven, Shir and Rosenfeld, Ariel},
  year         = 2021,
  month        = jun,
  journal      = {Scientometrics},
  publisher    = {Springer Science and Business Media LLC},
  volume       = 126,
  number       = 8,
  pages        = {6761–6784},
  doi          = {10.1007/s11192-021-04059-x},
  issn         = {1588-2861},
  url          = {http://dx.doi.org/10.1007/s11192-021-04059-x}
}
@article{Zhao_2023,
  title        = {A gender perspective on the global migration of scholars},
  author       = {Zhao, Xinyi and Akbaritabar, Aliakbar and Kashyap, Ridhi and Zagheni, Emilio},
  year         = 2023,
  month        = feb,
  journal      = {Proceedings of the National Academy of Sciences},
  publisher    = {Proceedings of the National Academy of Sciences},
  volume       = 120,
  number       = 10,
  doi          = {10.1073/pnas.2214664120},
  issn         = {1091-6490},
  url          = {http://dx.doi.org/10.1073/pnas.2214664120}
}
@article{Schares_2023,
  title        = {Impact of the 2022 OSTP memo: A bibliometric analysis of US federally funded publications, 2017–2021},
  author       = {Schares, Eric},
  year         = 2023,
  journal      = {Quantitative Science Studies},
  publisher    = {MIT Press},
  volume       = 4,
  number       = 1,
  pages        = {1–21},
  doi          = {10.1162/qss_a_00237},
  issn         = {2641-3337},
  url          = {http://dx.doi.org/10.1162/qss_a_00237}
}
@article{Kwiek_2020,
  title        = {What large-scale publication and citation data tell us about international research collaboration in {Europe}: changing national patterns in global contexts},
  author       = {Kwiek, Marek},
  year         = 2021,
  month        = apr,
  journal      = {Studies in Higher Education},
  publisher    = {Informa UK Limited},
  volume       = 46,
  number       = 12,
  pages        = {2629–2649},
  doi          = {10.1080/03075079.2020.1749254},
  issn         = {1470-174X},
  url          = {http://dx.doi.org/10.1080/03075079.2020.1749254}
}
@article{Schiermeier_2018,
  title        = {China backs bold plan to tear down journal paywalls},
  author       = {Schiermeier, Quirin},
  year         = 2018,
  month        = dec,
  journal      = {Nature},
  publisher    = {Springer Science and Business Media LLC},
  volume       = 564,
  number       = 7735,
  pages        = {171–172},
  doi          = {10.1038/d41586-018-07659-5},
  issn         = {1476-4687},
  url          = {http://dx.doi.org/10.1038/d41586-018-07659-5}
}
@article{Moskovkin_2022,
  title        = {Transformative agreements in the development of open access},
  author       = {Moskovkin, Vladimir M. and Saprykina, Tatyana V. and Boichuk, Igor V.},
  year         = 2022,
  month        = jul,
  journal      = {Journal of Electronic Resources Librarianship},
  publisher    = {Informa UK Limited},
  volume       = 34,
  number       = 3,
  pages        = {165–207},
  doi          = {10.1080/1941126x.2022.2099000},
  issn         = {1941-1278},
  url          = {http://dx.doi.org/10.1080/1941126X.2022.2099000}
}
@article{Borrego_2023,
  title        = {Article processing charges for open access journal publishing: A review},
  author       = {Borrego, Ángel},
  year         = 2023,
  month        = jul,
  journal      = {Learned Publishing},
  publisher    = {Wiley},
  volume       = 36,
  number       = 3,
  pages        = {359–378},
  doi          = {10.1002/leap.1558},
  issn         = {1741-4857},
  url          = {http://dx.doi.org/10.1002/leap.1558}
}
@misc{budapest,
  title        = {{The Budapest Open Access Initiative-20th. Anniversary recommendations (BOAI20)}},
  author       = {Babini, Dominique and Chan, Leslie and Hagemann, Melissa and Joseph, Heather and Kuchma, Iryna and Suber, Peter},
  year         = 2022,
  url          = {https://www.budapestopenaccessinitiative.org/boai20/}
}
@article{Khanna_2022,
  title        = {Recalibrating the scope of scholarly publishing: A modest step in a vast decolonization process},
  author       = {Khanna, Saurabh and Ball, Jon and Alperin, Juan Pablo and Willinsky, John},
  year         = 2022,
  journal      = {Quantitative Science Studies},
  publisher    = {MIT Press},
  volume       = 3,
  number       = 4,
  pages        = {912–930},
  doi          = {10.1162/qss_a_00228},
  issn         = {2641-3337},
  url          = {http://dx.doi.org/10.1162/qss_a_00228}
}
@inproceedings{ifla,
  title        = {How are transformative agreements transforming libraries?},
  author       = {Campbell, Colleen and Dér, Ádám and Geschuhn, Kai and Valente, Ana},
  year         = 2022,
  month        = {July},
  booktitle    = {87th IFLA World Library and Information Congress (WLIC) / 2022 in Dublin, Ireland},
  publisher    = {IFLA},
  address      = {Dublin, Ireland},
  url          = {https://repository.ifla.org/handle/123456789/1973}
}
@misc{bosman_2021_4558704,
  title        = {{OA Diamond Journals Study}. Part 1: Findings},
  author       = {Bosman, Jeroen and Frantsvåg, Jan Erik and Kramer, Bianca and Langlais, Pierre-Carl and Proudman, Vanessa},
  year         = 2021,
  month        = mar,
  publisher    = {Zenodo},
  doi          = {10.5281/zenodo.4558704},
  url          = {https://doi.org/10.5281/zenodo.4558704}
}
@article{Bosman_2021,
  title        = {Advancing open access in the {Netherlands} after 2020: from quantity to quality},
  author       = {Bosman, Jeroen and de Jonge, Hans and Kramer, Bianca and Sondervan, Jeroen},
  year         = 2021,
  journal      = {Insights the UKSG journal},
  publisher    = {Ubiquity Press, Ltd.},
  volume       = 34,
  doi          = {10.1629/uksg.545},
  issn         = {2048-7754},
  url          = {http://dx.doi.org/10.1629/uksg.545}
}
@article{Koley_2023,
  title        = {Limitations of the {“Indian one nation, one subscription”} policy proposal and a way forward},
  author       = {Koley, Moumita and Lala, Kanchan},
  year         = 2023,
  month        = jan,
  journal      = {Journal of Librarianship and Information Science},
  publisher    = {SAGE Publications},
  pages        = {096100062211467},
  doi          = {10.1177/09610006221146771},
  issn         = {1741-6477},
  url          = {http://dx.doi.org/10.1177/09610006221146771}
}
@article{Mu_oz_V_lez_2024,
  title        = {Strategies for Negotiating and Signing Transformative Agreements in the {Global South}: The {Colombia Consortium} Experience},
  author       = {Muñoz-Vélez, Hernán and Pallares, César and Echavarría, Andrés Felipe and Contreras, Julysa and Pavas, Andrés and Bello, David and Rendón, César and Calderón-Rojas, Jacqueline and Garzón, Fernando},
  year         = 2024,
  month        = jan,
  journal      = {Journal of Library Administration},
  publisher    = {Informa UK Limited},
  volume       = 64,
  number       = 1,
  pages        = {80–98},
  doi          = {10.1080/01930826.2023.2287945},
  issn         = {1540-3564},
  url          = {http://dx.doi.org/10.1080/01930826.2023.2287945}
}
%%%%
@misc{OS_Monitor,
  title        = {Open Science Monitor: Trends for open access to publications},
  author       = {{European Commission}},
  year         = 2019,
  url          = {https://ec.europa.eu/info/research-and-innovation/strategy/goals-research-and-innovation-policy/open-science/open-science-monitor/trends-open-access-publications_en}
}
@misc{Harrison_2019,
  title        = {What are mirror journals, and can they offer a new world of open access?},
  author       = {Peter Harrison},
  year         = 2019,
  publisher    = {Elsevier B.V.},
  url          = {https://web.archive.org/web/20210109033031/https://www.elsevier.com/connect/what-are-mirror-journals-and-can-they-offer-a-new-world-of-open-access}
}
@article{McNutt_2019,
  title        = {Opinion: {Plan S} falls short for society publishers--and for the researchers they serve},
  author       = {Marcia McNutt},
  year         = 2019,
  month        = {jan},
  journal      = {Proceedings of the National Academy of Sciences},
  publisher    = {Proceedings of the National Academy of Sciences},
  volume       = 116,
  number       = 7,
  pages        = {2400--2403},
  doi          = {10.1073/pnas.1900359116},
  url          = {https://doi.org/10.1073%2Fpnas.1900359116}
}
@misc{Jubb_2015,
  title        = {Monitoring the Transition to Open Access: A report for the Universities UK Open Access Co-ordination Group},
  author       = {Michael Jubb and Stéphane Goldstein and Mayur Amin and Andrew Plume and Stephanie Oeben and M’Hamed Aisati and Stephen Pinfield and Peter Bath and Jennifer Salter and Rob Johnson and Mattia Fosci},
  year         = 2015,
  url          = {https://web.archive.org/web/20190523005240/https://www.acu.ac.uk/research-information-network/monitoring-transition-to-open-access}
}
@misc{Tickel_2018,
  title        = {Open access to research publications -- 2018},
  author       = {Adam Tickel},
  year         = 2018,
  url          = {https://assets.publishing.service.gov.uk/government/uploads/system/uploads/attachment_data/file/774956/Open-access-to-research-publications-2018.pdf}
}
@misc{oxford_2019,
  title        = {Change to Oxford’s policy for RCUK OA block grant 2nd December 2019},
  author       = {{University of Oxford}},
  year         = 2019,
  url          = {http://openaccess.ox.ac.uk/2019/12/02/change-to-oxfords-policy-for-rcuk-oa-block-grant-2nd-december-2019/}
}
@misc{walker_2019,
  title        = {Research Councils UK open access funding 2019-2020},
  author       = {Dominic Walker},
  year         = 2019,
  publisher    = {Library \& Archives Service at The London School of Hygiene \& Tropical Medicine},
  url          = {https://blogs.lshtm.ac.uk/library/2019/03/05/research-councils-uk-open-access-funding-2019-2020/}
}
@misc{Castro_2019,
  title        = {Running a no-hybrid Open Access funding policy: some results},
  author       = {Pablo de Castro},
  year         = 2019,
  publisher    = {Open Access \@ Strathclyde},
  url          = {https://strathoa.tumblr.com/post/185703709380/running-a-no-hybrid-open-access-funding-policy}
}
@misc{birmingham,
  title        = {UKRI Open Access Block Grant},
  author       = {{University of Birmingham}},
  url          = {https://intranet.birmingham.ac.uk/as/libraryservices/library/research/open-access/funding/ukri-open-access-block-grant.aspx}
}
@article{Van_Noorden_2013,
  title        = {Researchers opt to limit uses of open-access publications},
  author       = {Richard Van Noorden},
  year         = 2013,
  month        = {feb},
  journal      = {Nature},
  publisher    = {Springer Science and Business Media {LLC}},
  doi          = {10.1038/nature.2013.12384},
  url          = {https://doi.org/10.1038%2Fnature.2013.12384}
}
@article{Rowley_2017,
  title        = {Academics{\\textquotesingle} behaviors and attitudes towards open access publishing in scholarly journals},
  author       = {Jennifer Rowley and Frances Johnson and Laura Sbaffi and Will Frass and Elaine Devine},
  year         = 2017,
  month        = {mar},
  journal      = {Journal of the Association for Information Science and Technology},
  publisher    = {Wiley},
  volume       = 68,
  number       = 5,
  pages        = {1201--1211},
  doi          = {10.1002/asi.23710},
  url          = {https://doi.org/10.1002%2Fasi.23710}
}
@article{Fraser_2021,
  title        = {The evolving role of preprints in the dissemination of COVID-19 research and their impact on the science communication landscape},
  author       = {Fraser, Nicholas and Brierley, Liam and Dey, Gautam and Polka, Jessica K. and Pálfy, Máté and Nanni, Federico and Coates, Jonathon Alexis},
  year         = 2021,
  month        = apr,
  journal      = {PLOS Biology},
  publisher    = {Public Library of Science (PLoS)},
  volume       = 19,
  number       = 4,
  pages        = {e3000959},
  doi          = {10.1371/journal.pbio.3000959},
  issn         = {1545-7885},
  url          = {http://dx.doi.org/10.1371/journal.pbio.3000959},
  editor       = {Dirnagl, Ulrich}
}
@article{Hanson_2024,
  title        = {The strain on scientific publishing},
  author       = {Hanson, Mark A. and Barreiro, Pablo Gómez and Crosetto, Paolo and Brockington, Dan},
  year         = 2024,
  journal      = {Quantitative Science Studies},
  pages        = {1–21},
  doi          = {10.1162/qss_a_00327},
  issn         = {2641-3337},
  url          = {http://dx.doi.org/10.1162/qss_a_00327}
}
@article{Creaser_2010,
  title        = {Authors' Awareness and Attitudes Toward Open Access Repositories},
  author       = {Claire Creaser and Jenny Fry and Helen Greenwood and Charles Oppenheim and Steve Probets and Valérie Spezi and Sonya White},
  year         = 2010,
  month        = {oct},
  journal      = {New Review of Academic Librarianship},
  publisher    = {Informa {UK} Limited},
  volume       = 16,
  number       = {sup1},
  pages        = {145--161},
  doi          = {10.1080/13614533.2010.518851},
  url          = {https://doi.org/10.1080%2F13614533.2010.518851}
}
@article{Bj_rk_2010,
  title        = {Open Access to the Scientific Journal Literature: Situation 2009},
  author       = {Bo-Christer Björk and Patrik Welling and Mikael Laakso and Peter Majlender and Turid Hedlund and Guðni Guðnason},
  year         = 2010,
  month        = {jun},
  journal      = {{PLoS} {ONE}},
  publisher    = {Public Library of Science ({PLoS})},
  volume       = 5,
  number       = 6,
  pages        = {e11273},
  doi          = {10.1371/journal.pone.0011273},
  url          = {https://doi.org/10.1371%2Fjournal.pone.0011273},
  editor       = {Enrico Scalas}
}
@article{Severin_2020,
  title        = {Discipline-specific open access publishing practices and barriers to change: an evidence-based review},
  author       = {Anna Severin and Matthias Egger and Martin Paul Eve and Daniel Hürlimann},
  year         = 2020,
  month        = {mar},
  journal      = {F1000Research},
  publisher    = {F1000 Research Ltd},
  volume       = 7,
  doi          = {10.12688/f1000research.17328.2},
  url          = {https://doi.org/10.12688%2Ff1000research.17328.2}
}
@misc{Jubb_2017,
  title        = {Monitoring the transition to open access: December 2017},
  author       = {Michael Jubb and Andrew Plume and Stephanie Oeben and Lydia Brammer and Rob Johnson and Cihan Bütün and Stephen Pinfield},
  year         = 2017,
  url          = {https://web.archive.org/web/20200212015524/https://www.universitiesuk.ac.uk/policy-and-analysis/reports/Documents/2017/monitoring-transition-open-access-2017.pdf}
}
@dataset{Kramer_2018,
  title        = {{Towards a plan S gap analysis: open access potential across disciplines using Web of Science and DOAJ}},
  author       = {Kramer, Bianca and Bosman, Jeroen},
  year         = 2018,
  month        = dec,
  publisher    = {Zenodo},
  doi          = {10.5281/zenodo.1979937},
  url          = {https://doi.org/10.5281/zenodo.1979937}
}
@article{Pieper_2018,
  title        = {{OpenAPC}: a contribution to a transparent and reproducible monitoring of fee-based open access publishing across institutions and nations},
  author       = {Dirk Pieper and Christoph Broschinski},
  year         = 2018,
  journal      = {Insights the {UKSG} journal},
  publisher    = {Ubiquity Press, Ltd.},
  volume       = 31,
  doi          = {10.1629/uksg.439},
  url          = {https://doi.org/10.1629%2Fuksg.439}
}
@article{Chawla_2020,
  title        = {This tool is saving universities millions of dollars in journal subscriptions},
  author       = {Dalmeet Chawla},
  year         = 2020,
  month        = {jul},
  journal      = {Science},
  publisher    = {American Association for the Advancement of Science ({AAAS})},
  doi          = {10.1126/science.abd7483},
  url          = {https://doi.org/10.1126%2Fscience.abd7483}
}
@article{Huang_2020,
  title        = {Evaluating the impact of open access policies on research institutions},
  author       = {Chun-Kai (Karl) Huang and Cameron Neylon and Richard Hosking and Lucy Montgomery and Katie S Wilson and Alkim Ozaygen and Chloe Brookes-Kenworthy},
  year         = 2020,
  month        = {sep},
  journal      = {{eLife}},
  publisher    = {{eLife} Sciences Publications, Ltd},
  volume       = 9,
  doi          = {10.7554/elife.57067},
  url          = {https://doi.org/10.7554%2Felife.57067}
}
@article{Robinson_Garcia_2020,
  title        = {Open Access uptake by universities worldwide},
  author       = {Nicolas Robinson-Garcia and Rodrigo Costas and Thed N. van Leeuwen},
  year         = 2020,
  month        = {jul},
  journal      = {{PeerJ}},
  publisher    = {{PeerJ}},
  volume       = 8,
  pages        = {e9410},
  doi          = {10.7717/peerj.9410},
  url          = {https://doi.org/10.7717%2Fpeerj.9410}
}
@misc{Schimmer_2015,
  title        = {{Disrupting the subscription journals\textquoteright business model for the necessary large-scale transformation to open access}},
  author       = {Schimmer, Ralf and Geschuhn, Kai and Vogler, Andreas},
  year         = 2015,
  publisher    = {Max Planck Digital Library},
  doi          = {10.17617/1.3}
}
@article{Frazier_2001,
  title        = {The librarians' dilemma: contemplating the costs of the "big deal"},
  author       = {Frazier, Kenneth},
  year         = 2001,
  journal      = {D-Lib magazine},
  volume       = 7,
  number       = 3,
  url          = {https://web.archive.org/web/20210125073550/https://librarytechnology.org/document/8950}
}
@article{Bergstrom_2014,
  title        = {Evaluating big deal journal bundles},
  author       = {Theodore C. Bergstrom and Paul N. Courant and R. Preston McAfee and Michael A. Williams},
  year         = 2014,
  month        = {jun},
  journal      = {Proceedings of the National Academy of Sciences},
  publisher    = {Proceedings of the National Academy of Sciences},
  volume       = 111,
  number       = 26,
  pages        = {9425--9430},
  doi          = {10.1073/pnas.1403006111},
  url          = {https://doi.org/10.1073%2Fpnas.1403006111}
}
@article{Larivi_re_2015,
  title        = {The Oligopoly of Academic Publishers in the Digital Era},
  author       = {Vincent Larivière and Stefanie Haustein and Philippe Mongeon},
  year         = 2015,
  month        = {jun},
  journal      = {{PLOS} {ONE}},
  publisher    = {Public Library of Science ({PLoS})},
  volume       = 10,
  number       = 6,
  pages        = {e0127502},
  doi          = {10.1371/journal.pone.0127502},
  url          = {https://doi.org/10.1371%2Fjournal.pone.0127502},
  editor       = {Wolfgang Glanzel}
}
@article{Lawson_2016,
  title        = {Opening the Black Box of Scholarly Communication Funding: A Public Data Infrastructure for Financial Flows in Academic Publishing},
  author       = {Stuart Lawson and Jonathan Gray and Michele Mauri},
  year         = 2016,
  journal      = {Open Library of Humanities},
  publisher    = {Open Library of the Humanities},
  volume       = 2,
  number       = 1,
  doi          = {10.16995/olh.72}
}
@article{Prosser_2003,
  title        = {From here to there: a proposed mechanism for transforming journals from closed to open access},
  author       = {David C. Prosser},
  year         = 2003,
  journal      = {Learned Publishing},
  volume       = 16,
  number       = 3,
  pages        = {163--166},
  doi          = {10.1087/095315103322110923},
  url          = {https://doi.org/10.1087%2F095315103322110923}
}
@article{Bj_rk_2012,
  title        = {The hybrid model for open access publication of scholarly articles: A failed experiment?},
  author       = {Bo-Christer Björk},
  year         = 2012,
  journal      = {Journal of the American Society for Information Science and Technology},
  volume       = 63,
  number       = 8,
  pages        = {1496--1504},
  doi          = {10.1002/asi.22709}
}
@article{Shieber_2009,
  title        = {Equity for Open-Access Journal Publishing},
  author       = {Stuart M. Shieber},
  year         = 2009,
  month        = {aug},
  journal      = {{PLoS} Biology},
  publisher    = {Public Library of Science ({PLoS})},
  volume       = 7,
  number       = 8,
  pages        = {e1000165},
  doi          = {10.1371/journal.pbio.1000165},
  url          = {https://doi.org/10.1371%2Fjournal.pbio.1000165}
}
@misc{Crossref_2020,
  title        = {March 2020 Public Data File from Crossref},
  author       = {Crossref},
  year         = 2020,
  publisher    = {Crossref},
  doi          = {10.13003/83b2gp},
  url          = {https://doi.org/10.13003%2F83b2gp}
}
@dataset{Matthias_2020,
  title        = {Publisher OA Portfolios 2.0},
  author       = {Lisa Matthias},
  year         = 2020,
  month        = may,
  publisher    = {Zenodo},
  doi          = {10.5281/zenodo.3841568},
  url          = {https://doi.org/10.5281/zenodo.3841568},
  version      = {2.0}
}
@article{Matthias_2019,
  title        = {The Two-Way Street of Open Access Journal Publishing: Flip It and Reverse It},
  author       = {Lisa Matthias and Najko Jahn and Mikael Laakso},
  year         = 2019,
  month        = {apr},
  journal      = {Publications},
  publisher    = {{MDPI} {AG}},
  volume       = 7,
  number       = 2,
  pages        = 23,
  doi          = {10.3390/publications7020023},
  url          = {https://doi.org/10.3390%2Fpublications7020023}
}
@article{Hendricks_2020,
  title        = {Crossref: The sustainable source of community-owned scholarly metadata},
  author       = {Ginny Hendricks and Dominika Tkaczyk and Jennifer Lin and Patricia Feeney},
  year         = 2020,
  month        = {feb},
  journal      = {Quantitative Science Studies},
  publisher    = {{MIT} Press - Journals},
  volume       = 1,
  number       = 1,
  pages        = {414--427},
  doi          = {10.1162/qss_a_00022},
  url          = {https://doi.org/10.1162%2Fqss_a_00022}
}
@article{Nelson_2017,
  title        = {Citations, mandates, and money: Author motivations to publish in chemistry hybrid open access journals},
  author       = {Gregory M. Nelson and Dennis L. Eggett},
  year         = 2017,
  month        = {jul},
  journal      = {Journal of the Association for Information Science and Technology},
  publisher    = {Wiley},
  volume       = 68,
  number       = 10,
  pages        = {2501--2510},
  doi          = {10.1002/asi.23897},
  url          = {https://doi.org/10.1002%2Fasi.23897}
}
@article{Laakso_2016,
  title        = {Hybrid open access--A longitudinal study},
  author       = {Mikael Laakso and Bo-Christer Björk},
  year         = 2016,
  month        = {nov},
  journal      = {Journal of Informetrics},
  publisher    = {Elsevier {BV}},
  volume       = 10,
  number       = 4,
  pages        = {919--932},
  doi          = {10.1016/j.joi.2016.08.002},
  url          = {https://doi.org/10.1016%2Fj.joi.2016.08.002}
}
@book{Frascati,
  title        = {Frascati Manual 2015: Guidelines for Collecting and Reporting Data on Research and Experimental Development},
  author       = {OECD},
  year         = 2015,
  publisher    = {{OECD Publishing}},
  series       = {The Measurement of Scientific, Technological and Innovation Activities},
  doi          = {10.1787/24132764}
}
@misc{Akbaritabar_2019,
  title        = {Applying Crossref and Unpaywall information to identify gold, hidden gold, hybrid and delayed Open Access publications in the {KB} publication corpus},
  author       = {Aliakbar Akbaritabar and Stephan Stahlschmidt},
  year         = 2019,
  publisher    = {SocArXiv},
  doi          = {10.31235/osf.io/sdzft}
}
@article{van_Leeuwen_2018,
  title        = {Exploring possibilities to use bibliometric data to monitor gold open access publishing at the national level},
  author       = {Thed N. van Leeuwen and Clifford Tatum and Paul F. Wouters},
  year         = 2018,
  month        = {may},
  journal      = {Journal of the Association for Information Science and Technology},
  publisher    = {Wiley},
  volume       = 69,
  number       = 9,
  pages        = {1161--1173},
  doi          = {10.1002/asi.24029}
}
@article{Emery_2013,
  title        = {Mining for gold: identifying the librarians' toolkit for managing hybrid open access},
  author       = {Jill Emery},
  year         = 2013,
  month        = {jul},
  journal      = {Insights: the {UKSG} journal},
  publisher    = {Ubiquity Press, Ltd.},
  volume       = 26,
  number       = 2,
  pages        = {115--119},
  doi          = {10.1629/2048-7754.65}
}
@article{Bj_rk_2012,
  title        = {The hybrid model for open access publication of scholarly articles: A failed experiment?},
  author       = {Bo-Christer Björk},
  year         = 2012,
  month        = {jun},
  journal      = {Journal of the American Society for Information Science and Technology},
  publisher    = {Wiley},
  volume       = 63,
  number       = 8,
  pages        = {1496--1504},
  doi          = {10.1002/asi.22709}
}
@thesis{Kirkman_2018,
  title        = {A Study of Open Access Publishing by NHMRC Grant Recipients},
  author       = {Noreen Suzanne Kirkman},
  year         = 2018,
  publisher    = {{Curtin University}},
  url          = {http://hdl.handle.net/20.500.11937/77026}
}
@article{P_l_nen_2020,
  title        = {Open access at the national level: A comprehensive analysis of publications by {Finnish} researchers},
  author       = {Janne Pölönen and Mikael Laakso and Raf Guns and Emanuel Kulczycki and Gunnar Sivertsen},
  year         = 2020,
  month        = {dec},
  journal      = {Quantitative Science Studies},
  publisher    = {{MIT} Press - Journals},
  volume       = 1,
  number       = 4,
  pages        = {1396--1428},
  doi          = {10.1162/qss_a_00084}
}
@article{Mart_n_Mart_n_2018,
  title        = {Evidence of open access of scientific publications in {Google Scholar}: A large-scale analysis},
  author       = {Alberto Martín-Martín and Rodrigo Costas and Thed van Leeuwen and Emilio Delgado López-Cózar},
  year         = 2018,
  month        = {aug},
  journal      = {Journal of Informetrics},
  publisher    = {Elsevier {BV}},
  volume       = 12,
  number       = 3,
  pages        = {819--841},
  doi          = {10.1016/j.joi.2018.06.012},
  url          = {https://doi.org/10.1016%2Fj.joi.2018.06.012}
}
@article{Piwowar_2018,
  title        = {The state of {OA}: a large-scale analysis of the prevalence and impact of Open Access articles},
  author       = {Heather Piwowar and Jason Priem and Vincent Larivière and Juan Pablo Alperin and Lisa Matthias and Bree Norlander and Ashley Farley and Jevin West and Stefanie Haustein},
  year         = 2018,
  month        = {feb},
  journal      = {{PeerJ}},
  publisher    = {{PeerJ}},
  volume       = 6,
  pages        = {e4375},
  doi          = {10.7717/peerj.4375},
  url          = {https://doi.org/10.7717%2Fpeerj.4375}
}
@misc{Piwowar_2019,
  title        = {The Future of {OA}: A large-scale analysis projecting Open Access publication and readership},
  author       = {Heather Piwowar and Jason Priem and Richard Orr},
  year         = 2019,
  month        = {oct},
  publisher    = {{bioRxiv}},
  doi          = {10.1101/795310},
  url          = {https://doi.org/10.1101%2F795310}
}
@techreport{Olsson1271866,
  title        = {Evaluation of Offset Agreements -- Report 4 : Springer Compact},
  author       = {Olsson, Lisa},
  year         = 2018,
  publisher    = {Kungliga biblioteket},
  pages        = 20,
  url          = {http://urn.kb.se/resolve?urn=urn%3Anbn%3Ase%3Ahb%3Adiva-15501}
}
@techreport{Lawson_2018,
  title        = {Report on offset agreements: evaluating current Jisc Collections deals. Year 2 – evaluating 2016 deals},
  author       = {Lawson, Stuart},
  year         = 2017,
  publisher    = {figshare},
  doi          = {10.6084/M9.FIGSHARE.5383861.V1}
}
@techreport{Monaghan_2020,
  title        = {'APCs in the Wild': Could Increased Monitoring and Consolidation of Funding Accelerate the Transition to Open Access?},
  author       = {Monaghan, Jessica and Lucraft, Mithu and Allin, Katie},
  year         = 2020,
  publisher    = {figshare},
  doi          = {10.6084/M9.FIGSHARE.11988123.V4}
}
@techreport{Graaf_2017,
  title        = {Paying For Open Access: The Author's Perspective},
  author       = {Maurits van der Graaf},
  year         = 2017,
  publisher    = {Zenodo},
  doi          = {10.5281/ZENODO.438037}
}
@article{Jahn_2016,
  title        = {A study of institutional spending on open access publication fees in {Germany}},
  author       = {Najko Jahn and Marco Tullney},
  year         = 2016,
  month        = {aug},
  journal      = {{PeerJ}},
  publisher    = {{PeerJ}},
  volume       = 4,
  pages        = {e2323},
  doi          = {10.7717/peerj.2323},
  url          = {https://doi.org/10.7717%2Fpeerj.2323}
}
@article{Pinfield_2016,
  title        = {The "total cost of publication" in a hybrid open-access environment: Institutional approaches to funding journal article-processing charges in combination with subscriptions},
  author       = {Stephen Pinfield and Jennifer Salter and Peter A. Bath},
  year         = 2016,
  month        = {feb},
  journal      = {Journal of the Association for Information Science and Technology},
  publisher    = {Wiley},
  volume       = 67,
  number       = 7,
  pages        = {1751--1766},
  doi          = {10.1002/asi.23446}
}
@article{Pieper_2018,
  title        = {{OpenAPC}: a contribution to a transparent and reproducible monitoring of fee-based open access publishing across institutions and nations},
  author       = {Dirk Pieper and Christoph Broschinski},
  year         = 2018,
  journal      = {Insights the {UKSG} journal},
  publisher    = {Ubiquity Press, Ltd.},
  volume       = 31,
  doi          = {10.1629/uksg.439},
  url          = {https://doi.org/10.1629%2Fuksg.439}
}
@article{Frantsv_g_2019,
  title        = {Few Open Access Journals Are Compliant with Plan S},
  author       = {Jan Erik Frantsvåg and Tormod Eismann Strømme},
  year         = 2019,
  month        = {apr},
  journal      = {Publications},
  publisher    = {{MDPI} {AG}},
  volume       = 7,
  number       = 2,
  pages        = 26,
  doi          = {10.3390/publications7020026},
  url          = {https://doi.org/10.3390%2Fpublications7020026}
}
@article{Geschuhn_2017,
  title        = {It's the workflows, stupid! What is required to make `offsetting' work for the open access transition},
  author       = {Kai Geschuhn and Graham Stone},
  year         = 2017,
  month        = {nov},
  journal      = {Insights the {UKSG} journal},
  publisher    = {Ubiquity Press, Ltd.},
  volume       = 30,
  number       = 3,
  pages        = {103--114},
  doi          = {10.1629/uksg.391},
  url          = {https://doi.org/10.1629%2Fuksg.391}
}
@article{Larivi_re_2016,
  title        = {Contributorship and division of labor in knowledge production},
  author       = {Larivière, Vincent and Desrochers, Nadine and Macaluso, Benoît and Mongeon, Philippe and Paul-Hus, Adèle and Sugimoto, Cassidy R},
  year         = 2016,
  month        = jun,
  journal      = {Social Studies of Science},
  volume       = 46,
  number       = 3,
  pages        = {417–435},
  doi          = {10.1177/0306312716650046},
  issn         = {1460-3659}
}
@article{Marques_2019,
  title        = {Monitoring agreements with open access elements: why article-level metadata are important},
  author       = {Mafalda Marques and Saskia Woutersen-Windhouwer and Arja Tuuliniemi},
  year         = 2019,
  journal      = {Insights the {UKSG} journal},
  publisher    = {Ubiquity Press, Ltd.},
  volume       = 32,
  doi          = {10.1629/uksg.489},
  url          = {https://doi.org/10.1629%2Fuksg.489}
}
%%%% Websites
@misc{Els_Agreements,
  title        = {{Agreements}},
  author       = {{Elsevier}},
  note         = {Accessed: 2021-01-27},
  howpublished = {\url{https://web.archive.org/web/20210127152729/https://www.elsevier.com/open-access/agreements}}
}
@misc{Els_Pricing,
  title        = {{Pricing}},
  author       = {{Elsevier}},
  note         = {Accessed: 2021-01-27},
  howpublished = {\url{https://web.archive.org/web/20210127152857/https://www.elsevier.com/about/policies/pricing}}
}
@misc{Els_Archive,
  title        = {{Open archive}},
  author       = {{Elsevier}},
  note         = {Accessed: 2021-01-27},
  howpublished = {\url{http://web.archive.org/web/20210127201740/https://www.elsevier.com/open-access/open-archive}}
}
@misc{Prosser_2015,
  title        = {{The costs of double dipping}},
  author       = {David Prosser},
  year         = 2015,
  note         = {Accessed: 2021-01-27},
  howpublished = {\url{https://web.archive.org/web/20210128164930/https://www.rluk.ac.uk/the-costs-of-double-dipping/}}
}
@article{Mittermaier_2015,
  title        = {Double Dipping in Hybrid Open Access -- Chimera or Reality?},
  author       = {Bernhard Mittermaier},
  year         = 2015,
  journal      = {{ScienceOpen} Research},
  publisher    = {{ScienceOpen}},
  doi          = {10.14293/s2199-1006.1.sor-socsci.aowntu.v1}
}
@article{Borrego_2020,
  title        = {Transformative agreements: Do they pave the way to open access?},
  author       = {Borrego, Ángel and Anglada, Lluís and Abadal, Ernest},
  year         = 2021,
  month        = dec,
  journal      = {Learned Publishing},
  publisher    = {Wiley},
  volume       = 34,
  number       = 2,
  pages        = {216–232},
  doi          = {10.1002/leap.1347},
  issn         = {1741-4857},
  url          = {http://dx.doi.org/10.1002/leap.1347}
}
@misc{Hinchliffe_2019,
  title        = {Transformative Agreements: A Primer},
  author       = {Lisa Janicke Hinchliffe},
  year         = 2019,
  publisher    = {The Scholarly Kitchen},
  url          = {https://web.archive.org/web/20210128170342/https://scholarlykitchen.sspnet.org/2019/04/23/transformative-agreements/}
}
@article{Lawson_2015,
  title        = {"Total cost of ownership" of scholarly communication: managing subscription and {APC} payments together},
  author       = {Stuart Lawson},
  year         = 2015,
  month        = {jan},
  journal      = {Learned Publishing},
  publisher    = {Wiley},
  volume       = 28,
  number       = 1,
  pages        = {9--13},
  doi          = {10.1087/20150103},
  url          = {https://doi.org/10.1087%2F20150103}
}
@inproceedings{antelmann_2017,
  title        = {Leveraging the Growth of Open Access in Library Collection Decision Making},
  author       = {Kristin Antelman},
  year         = 2017,
  booktitle    = {{At the helm: leading transformation}},
  publisher    = {{Association of College and Research Libraries}},
  address      = {Baltimore, Maryland},
  pages        = {411--422}
}
@article{Larivi_re_2018,
  title        = {Do authors comply when funders enforce open access to research?},
  author       = {Vincent Larivière and Cassidy R. Sugimoto},
  year         = 2018,
  month        = {oct},
  journal      = {Nature},
  publisher    = {Springer Science and Business Media {LLC}},
  volume       = 562,
  number       = 7728,
  pages        = {483--486},
  doi          = {10.1038/d41586-018-07101-w},
  url          = {https://doi.org/10.1038%2Fd41586-018-07101-w}
}
@misc{lund,
  title        = {{Publishing options: BIBSAM institute associated authors}},
  author       = {{Elsevier}},
  note         = {Accessed: 2021-01-27},
  howpublished = {\url{https://web.archive.org/web/20210127153520/https://www.ub.lu.se/en/sites/ub.lu.se.en/files/publicering_under_elsevier_avtalet.pdf}}
}
@misc{vsnu,
  title        = {{Publishing options for: Dutch universities & institutes associated authors}},
  author       = {{Elsevier}},
  note         = {Accessed: 2021-01-27},
  howpublished = {\url{https://web.archive.org/web/20190530214833/https://www.openaccess.nl/sites/www.openaccess.nl/files/documenten/elsevier_-_vsnu_workflow_updated_18july_v2.pdf}}
}
@misc{Els_videos,
  title        = {{Publishing Journey videos: How do I complete the Rights and Access form?}},
  author       = {{Elsevier}},
  note         = {Accessed: 2021-01-27},
  howpublished = {\url{https://web.archive.org/web/20210127154144/https://service.elsevier.com/app/answers/detail/a_id/29789/supporthub/publishing/track/APN2ZgoIDv8a~RNiGvwa~yKgpv0qOS75Mv9e~zj~PP_X/}}
}
@misc{Unpaywall_para,
  title        = {{What does is\_paratext mean in the API?}},
  author       = {{Unpaywall}},
  note         = {Accessed: 2021-01-27},
  howpublished = {\url{https://web.archive.org/web/20201126131640/https://support.unpaywall.org/support/solutions/articles/44001894783}}
}
@misc{Unpaywall_oa_license,
  title        = {{What is an OA license?}},
  author       = {{Unpaywall}},
  note         = {Accessed: 2021-01-27},
  howpublished = {\url{http://web.archive.org/web/20210127192625/https://support.unpaywall.org/support/solutions/articles/44002063718-what-is-an-oa-license-}}
}
@misc{Unpaywall_types,
  title        = {{What do the types of oa\_status (green, gold, hybrid, and bronze) mean?}},
  author       = {{Unpaywall}},
  note         = {Accessed: 2021-01-27},
  howpublished = {\url{http://web.archive.org/web/20210127192910/https://support.unpaywall.org/support/solutions/articles/44001777288}}
}
@misc{Plan_s,
  title        = {Plan S: Principles and Implementation},
  author       = {{cOAlition S}},
  howpublished = {\url{https://web.archive.org/web/20210129165306/https://www.coalition-s.org/addendum-to-the-coalition-s-guidance-on-the-implementation-of-plan-s/principles-and-implementation/}}
}
%%% Software
@manual{r,
  title        = {R: A Language and Environment for Statistical Computing},
  author       = {{R Core Team}},
  year         = 2024,
  address      = {Vienna, Austria},
  url          = {https://www.R-project.org/},
  organization = {R Foundation for Statistical Computing}
}
@article{Visser_2021,
  title        = {Large-scale comparison of bibliographic data sources: {Scopus, Web of Science, Dimensions, Crossref, and Microsoft Academic}},
  author       = {Visser, Martijn and van Eck, Nees Jan and Waltman, Ludo},
  year         = 2021,
  journal      = {Quantitative Science Studies},
  publisher    = {MIT Press - Journals},
  volume       = 2,
  number       = 1,
  pages        = {20–41},
  doi          = {10.1162/qss_a_00112},
  issn         = {2641-3337},
  url          = {http://dx.doi.org/10.1162/qss_a_00112}
}
@article{tidyverse,
  title        = {Welcome to the {tidyverse}},
  author       = {Hadley Wickham and Mara Averick and Jennifer Bryan and Winston Chang and Lucy D'Agostino McGowan and Romain François and Garrett Grolemund and Alex Hayes and Lionel Henry and Jim Hester and Max Kuhn and Thomas Lin Pedersen and Evan Miller and Stephan Milton Bache and Kirill Müller and Jeroen Ooms and David Robinson and Dana Paige Seidel and Vitalie Spinu and Kohske Takahashi and Davis Vaughan and Claus Wilke and Kara Woo and Hiroaki Yutani},
  year         = 2019,
  journal      = {Journal of Open Source Software},
  volume       = 4,
  number       = 43,
  pages        = 1686,
  doi          = {10.21105/joss.01686}
}
@manual{rcrossref,
  title        = {{{rcrossref}}: Client for Various {{CrossRef}} {{APIs}}},
  author       = {Scott Chamberlain and Hao Zhu and Najko Jahn and Carl Boettiger and Karthik Ram},
  year         = 2020,
  url          = {https://CRAN.R-project.org/package=rcrossref},
  note         = {R package version 1.1.0}
}
@manual{crminer,
  title        = {{{crminer}}: Fetch Scholary Full Text from {{CrossRef}}},
  author       = {Scott Chamberlain},
  year         = 2020,
  url          = {https://CRAN.R-project.org/package=crminer},
  note         = {R package version 0.3.2}
}
@manual{xml2,
  title        = {{{xml2}}: Parse {{XML}}},
  author       = {Hadley Wickham and Jim Hester and Jeroen Ooms},
  year         = 2020,
  url          = {https://CRAN.R-project.org/package=xml2},
  note         = {R package version 1.3.2}
}
@article{Niles_2020,
  title        = {Why we publish where we do: Faculty publishing values and their relationship to review, promotion and tenure expectations},
  author       = {Meredith T. Niles and Lesley A. Schimanski and Erin C. McKiernan and Juan Pablo Alperin},
  year         = 2020,
  month        = {mar},
  journal      = {{PLOS} {ONE}},
  publisher    = {Public Library of Science ({PLoS})},
  volume       = 15,
  number       = 3,
  pages        = {e0228914},
  doi          = {10.1371/journal.pone.0228914},
  url          = {https://doi.org/10.1371%2Fjournal.pone.0228914},
  editor       = {Sergio A. Useche}
}
@techreport{van_der_graaf_maurits_2017,
  title        = {The Role of Hybrid Open Access in Extending Author Choice},
  author       = {Maurits van der Graaf and Rob Johnson and Andrea Chiarelli},
  year         = 2017,
  publisher    = {Zenodo},
  doi          = {10.5281/zenodo.3958621},
  url          = {https://doi.org/10.5281/zenodo.3958621}
}
@article{Marques_2020,
  title        = {Transitioning to Open Access: An Evaluation of the {UK} {Springer Compact} Agreement Pilot 2016--2018},
  author       = {Mafalda Marques and Graham Stone},
  year         = 2020,
  journal      = {College {\&} Research Libraries},
  publisher    = {American Library Association},
  volume       = 81,
  number       = 6,
  pages        = {913--927},
  doi          = {10.5860/crl.81.6.913},
  url          = {https://doi.org/10.5860%2Fcrl.81.6.913}
}
@article{Chinchilla_Rodr_guez_2024,
  title        = {Examining the quality of the corresponding authorship field in {Web of Science} and {Scopus}},
  author       = {Chinchilla-Rodríguez, Zaida and Costas, Rodrigo and Robinson-García, Nicolás and Larivière, Vincent},
  year         = 2024,
  journal      = {Quantitative Science Studies},
  publisher    = {MIT Press},
  volume       = 5,
  number       = 1,
  pages        = {76–97},
  doi          = {10.1162/qss_a_00288},
  issn         = {2641-3337},
  url          = {http://dx.doi.org/10.1162/qss_a_00288}
}
@report{norway,
  title        = {Strategi for vitenskapelig publisering etter 2024},
  author       = {Holden, Lars and Skoie, Mathilde and Røeggen, Vidar and Bjerde, Katrine Weisteen and Wenaas, Lars and Bakke, Pål and Løvhaug, Johannes Waage and Karlsen, Espen Sandøe and Qvenild, Marte},
  year         = 2023,
  publisher    = {Sikt},
  doi          = {10.18711/2KZ1-BA97}
}
@article{Widding_2024,
  title        = {Beyond Transformative Agreements: Ways Forward for Universities},
  author       = {Widding, Astrid Söderbergh},
  year         = 2024,
  journal      = {European Review},
  publisher    = {Cambridge University Press (CUP)},
  volume       = 32,
  number       = {S1},
  pages        = {S28–S38},
  doi          = {10.1017/s1062798724000036}
}
@misc{ludo_waltman_2022_7105355,
  title        = {{Monitoring Open Access publishing of NWO-funded research  (2015-2021)}},
  author       = {Ludo Waltman and Wout S. Lamers},
  year         = 2022,
  month        = sep,
  publisher    = {Zenodo},
  doi          = {10.5281/zenodo.7105355},
  url          = {https://doi.org/10.5281/zenodo.7105355},
  version      = 1
}
@article{Ioannidis_2021,
  title        = {The rapid, massive growth of COVID-19 authors in the scientific literature},
  author       = {Ioannidis, John P. A. and Salholz-Hillel, Maia and Boyack, Kevin W. and Baas, Jeroen},
  year         = 2021,
  month        = sep,
  journal      = {Royal Society Open Science},
  publisher    = {The Royal Society},
  volume       = 8,
  number       = 9,
  doi          = {10.1098/rsos.210389},
  issn         = {2054-5703},
  url          = {http://dx.doi.org/10.1098/rsos.210389}
}
@article{Owens_2024,
  title        = {China’s research clout leads to growth in homegrown science publishing},
  author       = {Owens, Brian},
  year         = 2024,
  month        = jun,
  journal      = {Nature},
  publisher    = {Springer Science and Business Media LLC},
  volume       = 630,
  number       = 8015,
  pages        = {S2–S4},
  doi          = {10.1038/d41586-024-01596-2},
  issn         = {1476-4687},
  url          = {http://dx.doi.org/10.1038/d41586-024-01596-2}
}
@misc{schmidt_2024_13935407,
  title        = {The Data Infrastructure of the {German Kompetenznetzwerk Bibliometrie}: An Enabling Intermediary between Raw Data and Analysis},
  author       = {Schmidt, Marion and Rimmert, Christine and Stephen, Dimity and Lenke, Christopher and Donner, Paul and Gärtner, Simone and Taubert, Niels and Bausenwein, Thomas and Stahlschmidt, Stephan},
  year         = 2024,
  month        = oct,
  publisher    = {Zenodo},
  doi          = {10.5281/zenodo.13935407},
  url          = {https://doi.org/10.5281/zenodo.13935407}
}
@article{Baas_2020,
  title        = {Scopus as a curated, high-quality bibliometric data source for academic research in quantitative science studies},
  author       = {Baas, Jeroen and Schotten, Michiel and Plume, Andrew and Côté, Grégoire and Karimi, Reza},
  year         = 2020,
  month        = feb,
  journal      = {Quantitative Science Studies},
  publisher    = {MIT Press},
  volume       = 1,
  number       = 1,
  pages        = {377–386},
  doi          = {10.1162/qss_a_00019},
  issn         = {2641-3337},
  url          = {http://dx.doi.org/10.1162/qss_a_00019}
}
@article{Birkle_2020,
  title        = {{Web of Science} as a data source for research on scientific and scholarly activity},
  author       = {Birkle, Caroline and Pendlebury, David A. and Schnell, Joshua and Adams, Jonathan},
  year         = 2020,
  month        = feb,
  journal      = {Quantitative Science Studies},
  publisher    = {MIT Press - Journals},
  volume       = 1,
  number       = 1,
  pages        = {363–376},
  doi          = {10.1162/qss_a_00018},
  issn         = {2641-3337},
  url          = {http://dx.doi.org/10.1162/qss_a_00018}
}
@article{Singh_2021,
  title        = {The journal coverage of {Web of Science}, {Scopus} and {Dimensions}: A comparative analysis},
  author       = {Singh, Vivek Kumar and Singh, Prashasti and Karmakar, Mousumi and Leta, Jacqueline and Mayr, Philipp},
  year         = 2021,
  month        = mar,
  journal      = {Scientometrics},
  publisher    = {Springer Science and Business Media LLC},
  volume       = 126,
  number       = 6,
  pages        = {5113–5142},
  doi          = {10.1007/s11192-021-03948-5},
  issn         = {1588-2861},
  url          = {http://dx.doi.org/10.1007/s11192-021-03948-5}
}
@article{van_Eck_2022,
  title        = {Crossref as a source of open bibliographic metadata},
  author       = {{van Eck}, Nees Jan and Waltman, Ludo},
  year         = 2024,
  month        = jul,
  publisher    = {Center for Open Science},
  doi          = {https://doi.org/10.31222/osf.io/smxe5},
  url          = {http://dx.doi.org/10.31222/osf.io/smxe5}
}
@article{Jahn_2025,
  title        = {How open are hybrid journals included in transformative agreements?},
  author       = {Jahn, Najko},
  year         = 2025,
  month        = jan,
  journal      = {Quantitative Science Studies},
  publisher    = {MIT Press},
  volume        = {6},
  pages        = {242–262},
  doi          = {10.1162/qss_a_00348},
  issn         = {2641-3337},
  url          = {http://dx.doi.org/10.1162/qss_a_00348}
}
@misc{Haupka_2024,
  title        = {Analysis of the Publication and Document Types in OpenAlex, Web of Science, Scopus, Pubmed and Semantic Scholar},
  author       = {Haupka, Nick and Culbert, Jack H. and Schniedermann, Alexander and Jahn, Najko and Mayr, Philipp},
  year         = 2024,
  publisher    = {arXiv},
  doi          = {10.48550/ARXIV.2406.15154},
  url          = {https://arxiv.org/abs/2406.15154},
  keywords     = {Digital Libraries (cs.DL), FOS: Computer and information sciences, FOS: Computer and information sciences}
}
@article{Melero_Fuentes_2025,
  title        = {Evolution and effect of meeting abstracts in JCR journals},
  author       = {Melero-Fuentes, David and Aguilar-Moya, Remedios and Valderrama-Zurián, Juan-Carlos and Gorraiz, Juan},
  year         = 2025,
  month        = feb,
  journal      = {Journal of Informetrics},
  publisher    = {Elsevier BV},
  volume       = 19,
  number       = 1,
  pages        = 101631,
  doi          = {10.1016/j.joi.2024.101631},
  issn         = {1751-1577}
}
@article{Lex_2014,
  title        = {UpSet: Visualization of Intersecting Sets},
  author       = {Lex, Alexander and Gehlenborg, Nils and Strobelt, Hendrik and Vuillemot, Romain and Pfister, Hanspeter},
  year         = 2014,
  month        = dec,
  journal      = {IEEE Transactions on Visualization and Computer Graphics},
  publisher    = {Institute of Electrical and Electronics Engineers (IEEE)},
  volume       = 20,
  number       = 12,
  pages        = {1983–1992},
  doi          = {10.1109/tvcg.2014.2346248},
  issn         = {1077-2626},
  url          = {http://dx.doi.org/10.1109/TVCG.2014.2346248}
}
@misc{ComplexUpset,
  title        = {ComplexUpset},
  author       = {Michał Krassowski},
  year         = 2020,
  publisher    = {Zenodo},
  doi          = {10.5281/zenodo.3700590},
  url          = {https://doi.org/10.5281/zenodo.3700590}
}
@article{Donner_2017,
  title        = {Document type assignment accuracy in the journal citation index data of {Web of Science}},
  author       = {Donner, Paul},
  year         = 2017,
  month        = aug,
  journal      = {Scientometrics},
  publisher    = {Springer Science and Business Media LLC},
  volume       = 113,
  number       = 1,
  pages        = {219–236},
  doi          = {10.1007/s11192-017-2483-y},
  issn         = {1588-2861},
  url          = {http://dx.doi.org/10.1007/s11192-017-2483-y}
}

@article{Haustein_APC_2024,
      title={Estimating global article processing charges paid to six publishers for open access between 2019 and 2023}, 
      author={Stefanie Haustein and Eric Schares and Juan Pablo Alperin and Madelaine Hare and Leigh-Ann Butler and Nina Schönfelder},
      year={2024},
      eprint={2407.16551},
      archivePrefix={arXiv},
      primaryClass={cs.DL},
      publisher={arXiv},
      url={https://arxiv.org/abs/2407.16551}, 
}

@article{Rabesandratana_2019, title={Elsevier deal with {France} disappoints open-access advocates}, ISSN={1095-9203}, url={http://dx.doi.org/10.1126/science.aba5656}, DOI={10.1126/science.aba5656}, journal={Science}, publisher={American Association for the Advancement of Science (AAAS)}, author={Rabesandratana, Tania}, year={2019}, month=dec }

@Manual{hoaddata,
    title = {{hoaddata}: Data about hybrid open access journal publishing (v.0.3)},
    author = {Najko Jahn},
    year = {2024},
    note = {R package version 0.3, commit 940cbf9125ab377bb3286b13d26bebd2bd3599e8},
    url = {https://github.com/subugoe/hoaddata/releases/tag/v.0.3},
  }

@misc{alperin2024analysissuitabilityopenalexbibliometric,
      title={An analysis of the suitability of OpenAlex for bibliometric analyses}, 
      author={Juan Pablo Alperin and Jason Portenoy and Kyle Demes and Vincent Larivière and Stefanie Haustein},
      year={2024},
      publisher={arXiv},
      url={https://arxiv.org/abs/2404.17663}, 
}

@article{Akbaritabar_2024, title={Bilateral flows and rates of international migration of scholars for 210 countries for the period 1998-2020}, volume={11}, ISSN={2052-4463}, url={http://dx.doi.org/10.1038/s41597-024-03655-9}, DOI={10.1038/s41597-024-03655-9}, number={1}, journal={Scientific Data}, publisher={Springer Science and Business Media LLC}, author={Akbaritabar, Aliakbar and Theile, Tom and Zagheni, Emilio}, year={2024}, month=jul }

@misc{Simard_2024,
  doi = {10.48550/ARXIV.2404.01985},
  url = {https://arxiv.org/abs/2404.01985},
  author = {Simard, Marc-Andre and Basson, Isabel and Hare, Madelaine and Lariviere, Vincent and Mongeon, Philippe},
  keywords = {Digital Libraries (cs.DL), FOS: Computer and information sciences, FOS: Computer and information sciences},
  title = {The open access coverage of {OpenAlex}, {Scopus} and {Web of Science}},
  publisher = {arXiv},
  year = {2024},
  copyright = {Creative Commons Attribution 4.0 International}
  }

@article{Stahlschmidt_2022, title={From indexation policies through citation networks to normalized citation impacts: {Web of Science}, {Scopus}, and {Dimensions} as varying resonance chambers}, volume={127}, ISSN={1588-2861}, url={http://dx.doi.org/10.1007/s11192-022-04309-6}, DOI={10.1007/s11192-022-04309-6}, number={5}, journal={Scientometrics}, publisher={Springer Science and Business Media LLC}, author={Stahlschmidt, Stephan and Stephen, Dimity}, year={2022}, month=mar, pages={2413–2431} }

@article{Maisano_2025, title={A large-scale semi-automated approach for assessing document-type classification errors in bibliometric databases}, ISSN={1588-2861}, url={http://dx.doi.org/10.1007/s11192-025-05244-y}, DOI={10.1007/s11192-025-05244-y}, journal={Scientometrics}, publisher={Springer Science and Business Media LLC}, author={Maisano, D. A. and Mastrogiacomo, L. and Ferrara, L. and Franceschini, F.}, year={2025}}

@misc{de_Jonge_2025, title={Tracking transformative agreements through open metadata: method and validation using {Dutch Research Council NWO} funded papers}, url={http://dx.doi.org/10.31222/osf.io/tz6be_v1}, DOI={10.31222/osf.io/tz6be_v1}, publisher={MetaArXiv}, author={de Jonge, Hans and Kramer, Bianca and Sondervan, Jeroen}, year={2025}, month=feb }

@book{Suber_2012, title={Open Access}, ISBN={9780262301732}, url={http://dx.doi.org/10.7551/mitpress/9286.001.0001}, DOI={10.7551/mitpress/9286.001.0001}, publisher={The MIT Press}, author={Suber, Peter}, year={2012}, month=jul }

@article{Mattsson_2010, title={Is correspondence reflected in the author position? A bibliometric study of the relation between corresponding author and byline position}, volume={87}, ISSN={1588-2861}, url={http://dx.doi.org/10.1007/s11192-010-0310-9}, DOI={10.1007/s11192-010-0310-9}, number={1}, journal={Scientometrics}, publisher={Springer Science and Business Media LLC}, author={Mattsson, Pauline and Sundberg, Carl Johan and Laget, Patrice}, year={2010}, month=nov, pages={99–105} }

@article{Helgesson_2020, title={Authorship order and effects of changing bibliometrics practices}, volume={16}, ISSN={2047-6094}, url={http://dx.doi.org/10.1177/1747016119898403}, DOI={10.1177/1747016119898403}, number={1–2}, journal={Research Ethics}, publisher={SAGE Publications}, author={Helgesson, Gert}, year={2020}, month=jan, pages={1–7} }

@article{Fox_2018, title={Patterns of authorship in ecology and evolution: First, last, and corresponding authorship vary with gender and geography}, volume={8}, ISSN={2045-7758}, url={http://dx.doi.org/10.1002/ece3.4584}, DOI={10.1002/ece3.4584}, number={23}, journal={Ecology and Evolution}, publisher={Wiley}, author={Fox, Charles W. and Ritchey, Josiah P. and Paine, C. E. Timothy}, year={2018}, month=nov, pages={11492–11507} }

@article{Gumpenberger_2018, title={On the Issues of a “Corresponding Author” Field-Based Monitoring Approach for Gold Open Access Publications and Derivative Cost Calculations}, volume={3}, ISSN={2504-0537}, url={http://dx.doi.org/10.3389/frma.2018.00001}, DOI={10.3389/frma.2018.00001}, journal={Frontiers in Research Metrics and Analytics}, publisher={Frontiers Media SA}, author={Gumpenberger, Christian and Hölbling, Lothar and Gorraiz, Juan Ignacio}, year={2018}, month=feb }

@misc{Huang_2020, title={Evaluating institutional open access performance: Sensitivity analysis}, url={http://dx.doi.org/10.1101/2020.03.19.998542}, DOI={10.1101/2020.03.19.998542}, publisher={bioRxiv}, author={Huang, Chun-Kai and Neylon, Cameron and Hosking, Richard and Montgomery, Lucy and Wilson, Katie and Ozaygen, Alkim and Brookes-Kenworthy, Chloe}, year={2020}, month=mar }

@article{Maddi_2024, title={Beyond authorship: Analyzing contributions in PLOS ONE and the challenges of appropriate attribution}, volume={9}, ISSN={2543-683X}, url={http://dx.doi.org/10.2478/jdis-2024-0015}, DOI={10.2478/jdis-2024-0015}, number={3}, journal={Journal of Data and Information Science}, publisher={Walter de Gruyter GmbH}, author={Maddi, Abdelghani and Silva, Jaime A. Teixeira da}, year={2024}, month=may, pages={88–115} }

@misc{eck_2024_6bx73,
  author       = {van Eck, Nees Jan and
                  Waltman, Ludo and
                  Neijssel, Mark},
  title        = {{Launch of the CWTS Leiden Ranking Open Edition 
                   2024}},
  month        = oct,
  year         = 2024,
  publisher    = {Leiden Madtrics},
  doi          = {10.59350/r512t-r8h93},
  url          = {https://doi.org/10.59350/r512t-r8h93}
}

@article{McCabe_2024, title={Open access is shaping scientific communication}, volume={385}, ISSN={1095-9203}, url={http://dx.doi.org/10.1126/science.adp8882}, DOI={10.1126/science.adp8882}, number={6714}, journal={Science}, publisher={American Association for the Advancement of Science (AAAS)}, author={McCabe, Mark J. and Mueller-Langer, Frank}, year={2024}, month=sep, pages={1170–1172} }

@misc{Schmal_competition, doi = {10.48550/ARXIV.2403.03597}, url = {https://arxiv.org/abs/2403.03597}, author = {Schmal, W. Benedikt}, keywords = {General Economics (econ.GN), Digital Libraries (cs.DL), FOS: Economics and business, FOS: Economics and business, FOS: Computer and information sciences, FOS: Computer and information sciences}, title = {La Révolution Dévore ses Enfants: Pricing Implications of Transformative Agreements}, publisher = {arXiv}, year = {2024}, copyright = {Creative Commons Attribution Non Commercial No Derivatives 4.0 International}}

@misc{Kiley_2024,
author = {Robert Kiley},
url = {https://www.coalition-s.org/blog/transformative-journals-analysis-from-the-2023-reports/},
title = {{Transformative Journals}: analysis from the 2023 reports},
publisher = {{cOAlition S}},
year = {2024}
}

@article{Kohls_2018, title={Converting the Literature of a Scientific Field to Open Access through Global Collaboration: The Experience of SCOAP3 in Particle Physics}, volume={6}, ISSN={2304-6775}, url={http://dx.doi.org/10.3390/publications6020015}, DOI={10.3390/publications6020015}, number={2}, journal={Publications}, publisher={MDPI AG}, author={Kohls, Alexander and Mele, Salvatore}, year={2018}, month=apr, pages={15} }

@article{D_r_2025, title={What Gets Missed in the Discourse on Transformative Agreements}, ISSN={2998-4882}, url={http://dx.doi.org/10.1146/katina-20250212-1}, DOI={10.1146/katina-20250212-1}, journal={Katina Magazine}, publisher={Annual Reviews}, author={Dér, Ádám}, year={2025}, month=feb }

@misc{Rothfritz_2024,
      title={Trapped in Transformative Agreements? A Multifaceted Analysis of >1,000 Contracts}, 
      author={Laura Rothfritz and W. Benedikt Schmal and Ulrich Herb},
      year={2024},
      eprint={2409.20224},
      archivePrefix={arXiv},
      publisher = {arXiv},
      primaryClass={cs.DL},
      url={https://arxiv.org/abs/2409.20224}, 
}

@article{Pinfield_2015, title={Making Open Access work: The “state-of-the-art” in providing Open Access to scholarly literature}, volume={39}, ISSN={1468-4527}, url={http://dx.doi.org/10.1108/oir-05-2015-0167}, DOI={10.1108/oir-05-2015-0167}, number={5}, journal={Online Information Review}, publisher={Emerald}, author={Pinfield, Stephen}, year={2015}, month=sep, pages={604–636} }

@article{Aspesi_2020, title={In pursuit of open science, open access is not enough}, volume={368}, ISSN={1095-9203}, url={http://dx.doi.org/10.1126/science.aba3763}, DOI={10.1126/science.aba3763}, number={6491}, journal={Science}, publisher={American Association for the Advancement of Science (AAAS)}, author={Aspesi, Claudio and Brand, Amy}, year={2020}, month=may, pages={574–577} }


@misc{eck_crossref_2022,
  title = {Crossref as a source of open bibliographic metadata},
  url = {https://osf.io/preprints/metaarxiv/smxe5/},
  doi = {10.31222/osf.io/smxe5},
  abstract = {Several initiatives have been taken to promote the open availability of bibliographic metadata of scholarly publications in Crossref. We present an up-to-date overview of the availability of six metadata elements in Crossref: reference lists, abstracts, ORCIDs, author affiliations, funding information, and license information. Our analysis shows that the availability of these metadata elements has improved over time, at least for journal articles, the most common publication type in Crossref. However, the analysis also shows that many publishers need to make additional efforts to realize full openness of bibliographic metadata.},
  language = {en-us},
  urldate = {2022-09-27},
  publisher = {MetaArXiv},
  author = {Eck, Nees Jan van and Waltman, Ludo},
  month = jul,
  year = {2022},
  keywords = {Abstract, Author affiliations, Bibliographic metadata, Cataloging and Metadata, Crossref, Funding information, Library and Information Science, License information, ORCID, Open metadata, Publisher, References, Scholarly Communication, Scholarly Publishing, Social and Behavioral Sciences}}

  @article{C_spedes_2025, title={Evaluating the linguistic coverage of {OpenAlex}: An assessment of metadata accuracy and completeness}, ISSN={2330-1643}, url={http://dx.doi.org/10.1002/asi.24979}, DOI={10.1002/asi.24979}, journal={Journal of the Association for Information Science and Technology}, publisher={Wiley}, author={Céspedes, Lucía and Kozlowski, Diego and Pradier, Carolina and Sainte‐Marie, Maxime Holmberg and Shokida, Natsumi Solange and Benz, Pierre and Poitras, Constance and Ninkov, Anton Boudreau and Ebrahimy, Saeideh and Ayeni, Philips and Filali, Sarra and Li, Bing and Larivière, Vincent}, year={2025}, month=jan }


@article{culbert2024referencecoverageanalysisopenalex, title={Reference coverage analysis of {OpenAlex} compared to {Web of Science} and {Scopus}}, ISSN={1588-2861}, url={http://dx.doi.org/10.1007/s11192-025-05293-3}, DOI={10.1007/s11192-025-05293-3}, journal={Scientometrics}, publisher={Springer Science and Business Media LLC}, author={Culbert, Jack H. and Hobert, Anne and Jahn, Najko and Haupka, Nick and Schmidt, Marion and Donner, Paul and Mayr, Philipp}, year={2025}, month=apr }

@misc{jahn2023analysing,
  author = {Jahn, Najko and Haupka, Nick and Hobert, Anne},
  title = {Analysing and reclassifying open access information in OpenAlex},
  publisher = {{Scholarly Communication Analytics Blog}}, 
  url = {https://subugoe.github.io/scholcomm_analytics/posts/oalex_oa_status/},
  year = {2023}
}

@misc{vanbellen2024oligopolyacademicpublisherspersists,
      title={The oligopoly of academic publishers persists in exclusive database}, 
      author={Simon van Bellen and Juan Pablo Alperin and Vincent Larivière},
      year={2024},
      eprint={2406.17893},
      archivePrefix={arXiv},
      publisher={arXiv},
      primaryClass={cs.DL},
      url={https://arxiv.org/abs/2406.17893}, 
}

@misc{Harrell_Jr_2003, title={Hmisc: Harrell Miscellaneous}, url={http://dx.doi.org/10.32614/CRAN.package.Hmisc}, DOI={10.32614/cran.package.hmisc}, journal={CRAN: Contributed Packages}, publisher={The R Foundation}, author={Harrell Jr, Frank E}, year={2003}, month=jul }

@article{Asai_2023, title={Does double dipping occur? The case of Wiley’s hybrid journals}, volume={128}, ISSN={1588-2861}, url={http://dx.doi.org/10.1007/s11192-023-04800-8}, DOI={10.1007/s11192-023-04800-8}, number={9}, journal={Scientometrics}, publisher={Springer Science and Business Media LLC}, author={Asai, Sumiko}, year={2023}, month=jul, pages={5159–5168} }

@article{Achterberg_2023,
  title = {Introducing the Hybrid Open Access Dashboard (HOAD)},
  journal = {cOAlition S Blog},
  year = 2023,
  author = {Inke Achterberg and Najko Jahn},
  url = {https://www.coalition-s.org/blog/introducing-the-hybrid-open-access-dashboard-hoad/}}
